<?xml version="1.0" encoding="UTF-8"?><collection xmlns="http://www.loc.gov/MARC21/slim"><record><leader>00398nam--2200133-i-4500</leader><controlfield tag="001">000034989</controlfield><controlfield tag="002">20161230</controlfield><controlfield tag="005">20161230201040</controlfield><controlfield tag="008">060222s1000------------r-----000-0-eng-d</controlfield><datafield ind1=" " ind2=" " tag="100"><subfield code="a">Murnaghan F.D., Ames J.S</subfield></datafield><datafield ind1=" " ind2=" " tag="245"><subfield code="a">Theoretical mechanics. an introduction to mathematical physics</subfield></datafield><datafield ind1=" " ind2=" " tag="260"><subfield code="a">New York, Dover Publications, Inc., 1957, Ix + 462p</subfield></datafield><datafield ind1=" " ind2=" " tag="490"><subfield code="a">Dover Books On Science</subfield></datafield><datafield ind1=" " ind2=" " tag="852"><subfield code="a">14876</subfield></datafield></record></collection>